@inproceedings{lee2014application,
  title={Application-driven bandwidth guarantees in datacenters},
  author={Lee, Jeongkeun and Turner, Yoshio and Lee, Myungjin and Popa, Lucian and Banerjee, Sujata and Kang, Joon-Myung and Sharma, Puneet},
  booktitle={Proceedings of the 2014 ACM conference on SIGCOMM},
  pages={467--478},
  year={2014},
  organization={ACM}
}

@inproceedings{popa2012faircloud,
  title={FairCloud: sharing the network in cloud computing},
  author={Popa, Lucian and Kumar, Gautam and Chowdhury, Mosharaf and Krishnamurthy, Arvind and Ratnasamy, Sylvia and Stoica, Ion},
  booktitle={Proceedings of the ACM SIGCOMM 2012 conference on Applications, technologies, architectures, and protocols for computer communication},
  pages={187--198},
  year={2012},
  organization={ACM}
}

@inproceedings{shieh2011sharing,
  title={Sharing the Data Center Network.},
  author={Shieh, Alan and Kandula, Srikanth and Greenberg, Albert G and Kim, Changhoon and Saha, Bikas},
  booktitle={NSDI},
  year={2011}
}

@inproceedings{ballani2011towards,
  title={Towards predictable datacenter networks},
  author={Ballani, Hitesh and Costa, Paolo and Karagiannis, Thomas and Rowstron, Ant},
  booktitle={ACM SIGCOMM Computer Communication Review},
  volume={41},
  pages={242--253},
  year={2011},
  organization={ACM}
}

@inproceedings{shea2014deep,
  title={A deep investigation into network performance in virtual machine based cloud environments},
  author={Shea, Ryan and Wang, Feng and Wang, Haiyang and Liu, Jiangchuan},
  booktitle={INFOCOM, 2014 Proceedings IEEE},
  pages={1285--1293},
  year={2014},
  organization={IEEE}
}

@inproceedings{popa2013elasticswitch,
  title={ElasticSwitch: practical work-conserving bandwidth guarantees for cloud computing},
  author={Popa, Lucian and Yalagandula, Praveen and Banerjee, Sujata and Mogul, Jeffrey C and Turner, Yoshio and Santos, Jose Renato},
  booktitle={ACM SIGCOMM Computer Communication Review},
  volume={43},
  pages={351--362},
  year={2013},
  organization={ACM}
}

@article{jeyakumar2013eyeq,
  title={EyeQ: practical network performance isolation at the edge},
  author={Jeyakumar, Vimalkumar and Alizadeh, Mohammad and Mazieres, David and Prabhakar, Balaji and Kim, Changhoon and Greenberg, Albert},
  journal={REM},
  volume={1005},
  number={A1},
  pages={A2},
  year={2013}
}

@inproceedings{guo2010secondnet,
  title={Secondnet: a data center network virtualization architecture with bandwidth guarantees},
  author={Guo, Chuanxiong and Lu, Guohan and Wang, Helen J and Yang, Shuang and Kong, Chao and Sun, Peng and Wu, Wenfei and Zhang, Yongguang},
  booktitle={Proceedings of the 6th International COnference},
  pages={15},
  year={2010},
  organization={ACM}
}

@inproceedings{wang2010impact,
  title={The impact of virtualization on network performance of amazon ec2 data center},
  author={Wang, Guohui and Ng, TS Eugene},
  booktitle={INFOCOM, 2010 Proceedings IEEE},
  pages={1--9},
  year={2010},
  organization={IEEE}
}

@article{alizadeh2011data,
  title={Data center tcp (dctcp)},
  author={Alizadeh, Mohammad and Greenberg, Albert and Maltz, David A and Padhye, Jitendra and Patel, Parveen and Prabhakar, Balaji and Sengupta, Sudipta and Sridharan, Murari},
  journal={ACM SIGCOMM computer communication review},
  volume={41},
  number={4},
  pages={63--74},
  year={2011},
  publisher={ACM}
}

@inproceedings{ballani2013chatty,
  title={Chatty Tenants and the Cloud Network Sharing Problem.},
  author={Ballani, Hitesh and Jang, Keon and Karagiannis, Thomas and Kim, Changhoon and Gunawardena, Dinan and O'Shea, Greg},
  booktitle={NSDI},
  pages={171--184},
  year={2013}
}

@inproceedings{xu2013bobtail,
  title={Bobtail: Avoiding Long Tails in the Cloud.},
  author={Xu, Yunjing and Musgrave, Zachary and Noble, Brian and Bailey, Michael},
  booktitle={NSDI},
  pages={329--341},
  year={2013}
}

@inproceedings{rodrigues2011gatekeeper,
  title={Gatekeeper: Supporting Bandwidth Guarantees for Multi-tenant Datacenter Networks.},
  author={Rodrigues, Henrique and Santos, Jose Renato and Turner, Yoshio and Soares, Paolo and Guedes, Dorgival},
  booktitle={WIOV},
  year={2011}
}

@inproceedings{guo2014efficient,
  title={On efficient bandwidth allocation for traffic variability in datacenters},
  author={Guo, Jian and Liu, Fangming and Huang, Xiaomeng and Lui, John and Hu, Mi and Gao, Qiao and Jin, Hai},
  booktitle={INFOCOM, 2014 Proceedings IEEE},
  pages={1572--1580},
  year={2014},
  organization={IEEE}
}

@inproceedings{kandula2009nature,
  title={The nature of data center traffic: measurements \& analysis},
  author={Kandula, Srikanth and Sengupta, Sudipta and Greenberg, Albert and Patel, Parveen and Chaiken, Ronnie},
  booktitle={Proceedings of the 9th ACM SIGCOMM conference on Internet measurement conference},
  pages={202--208},
  year={2009},
  organization={ACM}
}

@misc{bgptabledata,
  title={BGP Table Data},
  howpublished = {\url{http://bgp.potaroo.net/index-bgp.html}}
}

@misc{redis,
  title={Redis},
  howpublished = {\url{http://redis.io/}}
}

@misc{codis,
  title={Codis - yet another fast distributed solution for Redis},
  howpublished = {\url{https://github.com/wandoulabs/codis}}
}

@article{crowcroft1998differentiated,
  title={Differentiated end-to-end Internet services using a weighted proportional fair sharing TCP},
  author={Crowcroft, Jon and Oechslin, Philippe},
  journal={ACM SIGCOMM Computer Communication Review},
  volume={28},
  number={3},
  pages={53--69},
  year={1998},
  publisher={ACM}
}

@inproceedings{vasudevan2009safe,
  title={Safe and effective fine-grained TCP retransmissions for datacenter communication},
  author={Vasudevan, Vijay and Phanishayee, Amar and Shah, Hiral and Krevat, Elie and Andersen, David G and Ganger, Gregory R and Gibson, Garth A and Mueller, Brian},
  booktitle={ACM SIGCOMM computer communication review},
  volume={39},
  number={4},
  pages={303--314},
  year={2009},
  organization={ACM}
}

@inproceedings{benson2010network,
  title={Network traffic characteristics of data centers in the wild},
  author={Benson, Theophilus and Akella, Aditya and Maltz, David A},
  booktitle={Proceedings of the 10th ACM SIGCOMM conference on Internet measurement},
  pages={267--280},
  year={2010},
  organization={ACM}
}

@inproceedings{yu2014bandwidth,
  title={Bandwidth Guarantee under Demand Uncertainty in Multi-tenant Clouds},
  author={Yu, Lei and Shen, Haiying},
  booktitle={Distributed Computing Systems (ICDCS), 2014 IEEE 34th International Conference on},
  pages={258--267},
  year={2014},
  organization={IEEE}
}

@article{xie2012only,
  title={The only constant is change: incorporating time-varying network reservations in data centers},
  author={Xie, Di and Ding, Ning and Hu, Y Charlie and Kompella, Ramana},
  journal={ACM SIGCOMM Computer Communication Review},
  volume={42},
  number={4},
  pages={199--210},
  year={2012},
  publisher={ACM}
}


@article{Identificationroute,
  title={Identification route key technology},
  author={HOU Jie, LIU Ya-Ping, GONG Zheng-Hu },
  journal={Journal of Software},
  volume={21},
  number={6},
  pages={1326--1340},
  year={2010},
  publisher={Institute of Software of the Chinese Academy of Sciences}
}

@inproceedings{meng2010improving,
  title={Improving the scalability of data center networks with traffic-aware virtual machine placement},
  author={Meng, Xiaoqiao and Pappas, Vasileios and Zhang, Li},
  booktitle={INFOCOM, 2010 Proceedings IEEE},
  pages={1--9},
  year={2010},
  organization={IEEE}
}

@inproceedings{benson2011cloudnaas,
  title={CloudNaaS: a cloud networking platform for enterprise applications},
  author={Benson, Theophilus and Akella, Aditya and Shaikh, Anees and Sahu, Sambit},
  booktitle={Proceedings of the 2nd ACM Symposium on Cloud Computing},
  pages={8},
  year={2011},
  organization={ACM}
}

@misc{erlang,
  title={Erlang},
  howpublished = {\url{http://www.erlang.org/}}
}

@misc{openstack,
  title={OpenStack - Open source software for creating private and public clouds},
  howpublished = {\url{https://www.openstack.org/}}
}

@misc{RFCBGP4,
    title={Rfcbgp4},
    howpublished = {\url{http://www.ietf.org/rfc/rfc1771.txt}}
}

@misc{RFCBGP4plus,
    title={Rfcbgp4plus},
    howpublished = {\url{http://www.ietf.org/rfc/rfc2545.txt}}
}

@inproceedings{HLP,
  title={HLP: A next generation inter - domain routing protocol},
  author={Lakshminarayanan Subramanian and Matthew Caesars and Chen Tien Ee,Mark Handley, Morley Mao, Scott Shenker and lon Stoica},
  booktitle={Proceedings of the 2005 ACM conference on SIGCOMM},
  pages={13--24},
  year={2005},
  organization={ACM}
}

@article{CompactRouting,
  title={A Survey on Compact Routing},
  author={TANG Mingdong, LIU Jianxun  , ZHANG Guoqing},
  journal={Journal of Frontiers of Computer Science and Technology},
  volume={5},
  number={3},
  pages={193--207},
  year={2011},
  publisher={China Academic Journal Electronic Publishing House}
}
@misc{localaddress,
    title={Unique local IPv6 unicast addresses},
    howpublished = {\url{http://www.rfc-editor.org/rfc/rfc4193.txt}}
}

@article{asnipaddr,
  title={A mechanism to allocate IPv6 blocks for BGP networks based on the networks AS Number},
  author={M. Levy Hurricane Electric and M. Pounsett Afilias},
  journal={Internet Draft, draft-mlevy-v6ops-auto-v6-allocation-per-asn-00},
  year={2013}
}

@inproceedings{lima,
  title={A Less-Is-More Architecture (LIMA) for a Future  Internet},
  author={J. Li, M. Veeraraghavan, M. Reisslein, M. Manley, R.D. Williams, P. Amer and J. Leighton},
  booktitle={Global Internet Symposium 2012},
  year={2012},
  organization={IEEE}
}
@misc{bgpdata,
    title={Route Views},
    howpublished = {\url{http://www.routeviews.org/}}
}

@misc{libbgpdump,
    title={libbgpdump},
    howpublished = {\url{https://github.com/woodrow/cidr-report_analysis/tree/master/libbgpdump/libbgpdump-1.4.99.13}}
}
@misc{caidaasdata,
    title={caida as-rel info},
    howpublished = {\url{http://data.caida.org/datasets/as-relationships/serial-1/}}
}
@misc{caidaasreadme,
    title={caida as-rel readme},
    howpublished = {\url{http://data.caida.org/datasets/as-relationships/README.serial-1}}
}
@misc{tier1,
    title={tier1 definition},
    howpublished = {\url{https://en.wikipedia.org/wiki/Tier_1_network}}
}
@misc{quagga,
    titie={Quagga},
    howpublished = {\url{http://www.nongnu.org/quagga/}}
}
@misc{docker,
    title={Docker},
    howpublished = {\url{http://docs.docker.com/}}
}
